%%% books for mathematical background %%%
@book{GP_for_ML,
    author={C. E. Rasmussen & C. K. I. Williams},
    title={Gaussian Processes for Machine Learning}, 
    publisher={the MIT Press}, 
    year={2006}, 
    isbn={ISBN 026218253X}, url={www.GaussianProcess.org/gpml}
}

@book{PatternRecognitionAndML,
  added-at = {2009-06-02T09:46:22.000+0200},
  asin = {0387310738},
  author = {Bishop, Christopher M.},
  biburl = {https://www.bibsonomy.org/bibtex/2d21de30a3a67c0f9f3c96bd6eec3267a/midtiby},
  description = {Amazon.com: Pattern Recognition and Machine Learning (Information Science and Statistics): Christopher M. Bishop: Books},
  dewey = {006.4},
  ean = {9780387310732},
  edition = 1,
  interhash = {f6fec2ccd82dec0dcd63825e301662cf},
  intrahash = {d21de30a3a67c0f9f3c96bd6eec3267a},
  isbn = {0387310738},
  keywords = {algorithms machinelearning patternrecognition statistics},
  publisher = {Springer},
  timestamp = {2009-06-02T15:22:29.000+0200},
  title = {Pattern Recognition and Machine Learning (Information Science and Statistics)},
  url = {http://www.amazon.com/Pattern-Recognition-Learning-Information-Statistics/dp/0387310738%3FSubscriptionId%3D13CT5CVB80YFWJEPWS02%26tag%3Dws%26linkCode%3Dxm2%26camp%3D2025%26creative%3D165953%26creativeASIN%3D0387310738},
  year = 2007
}


%%% Theoretical Papers %%%
@article{Paper1:GP_for_MPC,
   title={Cautious Model Predictive Control Using Gaussian Process Regression},
   volume={28},
   ISSN={2374-0159},
   url={http://dx.doi.org/10.1109/TCST.2019.2949757},
   DOI={10.1109/tcst.2019.2949757},
   number={6},
   journal={IEEE Transactions on Control Systems Technology},
   publisher={Institute of Electrical and Electronics Engineers (IEEE)},
   author={Hewing, Lukas and Kabzan, Juraj and Zeilinger, Melanie N.},
   year={2020},
   month={Nov},
   pages={2736–2743}
}

@techreport{Paper2:UncertainInputPredictions,
  title = {Prediction at an Uncertain Input for Gaussian Processes and Relevance Vector Machines - Application to Multiple-Step Ahead Time-Series Forecasting},
  author = {Quiñonero-Candela, J. and Girard, A. and Rasmussen, CE.},
  number = {IMM-2003-18},
  organization = {Max-Planck-Gesellschaft},
  institution = {Max Planck Institute for Biological Cybernetics, T{\"u}bingen, Germany},
  school = {Biologische Kybernetik},
  year = {2003}
}

@inproceedings{Paper3:GPPriorsWithUncertainInputs,
 author = {Girard, Agathe and Rasmussen, Carl and Candela, Joaquin Qui\~{n}onero and Murray-Smith, Roderick},
 booktitle = {Advances in Neural Information Processing Systems},
 editor = {S. Becker and S. Thrun and K. Obermayer},
 pages = {545--552},
 publisher = {MIT Press},
 title = {Gaussian Process Priors with Uncertain Inputs Application to Multiple-Step Ahead Time Series Forecasting},
 url = {https://proceedings.neurips.cc/paper/2002/file/f3ac63c91272f19ce97c7397825cc15f-Paper.pdf},
 volume = {15},
 year = {2003}
}

@misc{Paper4:TrajecotryPrediction_Taylorexpansion,
      title={On Simulation and Trajectory Prediction with Gaussian Process Dynamics}, 
      author={Lukas Hewing and Elena Arcari and Lukas P. Fröhlich and Melanie N. Zeilinger},
      year={2020},
      eprint={1912.10900},
      archivePrefix={arXiv},
      primaryClass={cs.LG}
}

@misc{Paper5:PriorPosteriorSplit,
      title={Efficiently Sampling Functions from Gaussian Process Posteriors}, 
      author={James T. Wilson and Viacheslav Borovitskiy and Alexander Terenin and Peter Mostowsky and Marc Peter Deisenroth},
      year={2020},
      eprint={2002.09309},
      archivePrefix={arXiv},
      primaryClass={stat.ML}
}


%%% Application Papers %%%

@misc{Paper6:ThompsonSamplingWithPosteriorSplit,
      title={Scalable Thompson Sampling using Sparse Gaussian Process Models}, 
      author={Sattar Vakili and Victor Picheny and Artem Artemev},
      year={2020},
      eprint={2006.05356},
      archivePrefix={arXiv},
      primaryClass={stat.ML}
}

@misc{ApplicPaper1:ThompsonSamplingWithGP,
      title={Efficient multiobjective optimization employing Gaussian processes, spectral sampling and a genetic algorithm}, 
      author={Eric Bradford and Artur M. Schweidtmann and Alexei Lapkin},
      year={2020},
}

@misc{ApplicPaper2:GPwithBackoff,
      title={Nonlinear model predictive control with explicit back-offs for Gaussian process state space models}, 
      author={Eric Bradford, Lars Imsland, and Ehecatl Antonio del Rio-Chanona},
      year={2017},
      url = {https://doi.org/10.1007/s10898-018-0609-2};
}

@inproceedings{ApplicPaper3:PredictionScenarios,
    author = {Umlauft, Jonas and Beckers, Thomas and Hirche, Sandra},
    year = {2018},
    month = {06},
    pages = {},
    title = {A Scenario-based Optimal Control Approach for Gaussian Process State Space Models},
    doi = {10.23919/ECC.2018.8550458}
}

